% Encoding: UTF-8

@Online{Docker-2023,
  date  = {2023-02-21},
  title = {Docker},
  url   = {https://www.docker.com},
}

@Online{DockerDocs-2023,
  date  = {2023-03-30},
  title = {Docker Docs},
  url   = {https://docs.docker.com/},
}

@Article{marmol-2015,
  author = {Marmol, Victor and Jnagal, Rohit and Hockin, Tim},
  title  = {{Networking in Containers and Container Clusters}},
  month  = {1},
  year   = {2015},
}

@Online{Kubernetes-2023,
  title = {{Production-Grade Container Orchestration}},
  url   = {https://kubernetes.io/},
}

@Article{hohn-2023,
  author  = {Hohn, Alan and fission and Gaun, Chris and Thorpe, Stefan and Melendez, Christian and Gupta, Arun and Dzone},
  title   = {{Dzone kubernetes bundle}},
  journal = {Dzone},
}

@Online{KubernetesDocs-2023,
  title = {{Kubernetes Documentation}},
  url   = {https://kubernetes.io/docs},
}

@Comment{jabref-meta: databaseType:biblatex;}
