% Encoding: UTF-8

@Online{kubernetes-MP,
  author  = {Matthew Palmer},
  title   = {Kubernetes Networking Guide for Beginners - Kubernetes Book},
  url     = {https://matthewpalmer.net/kubernetes-app-developer/articles/kubernetes-networking-guide-beginners.html},
  urldate = {2022-12-15},
}

@Book{Rice2018,
  author    = {L.R., Liz, Rice and M.H., Michael, Hausenblas},
  date      = {2018-09-28},
  title     = {Kubernetes Security},
  edition   = {First},
  language  = {Nederlands},
  publisher = {O’Reilly Media},
  subtitle  = {Operating Kubernetes Clusters and Applications Safely},
}

@Online{spaleta-2022,
  author   = {J.S., Jef ,Spaleta},
  date     = {2022-02-28},
  title    = {How Kubernetes works},
  url      = {https://www.cncf.io/blog/2019/08/19/how-kubernetes-works/},
  language = {Nederlands},
  urldate  = {2022-12-16},
}

@Book{sayfan-2020,
  author    = {G., Gigi, Sayfan},
  date      = {2020-06},
  title     = {Mastering Kubernetes},
  edition   = {3},
  language  = {Nederlands},
  location  = {Zaltbommel, Nederland},
  publisher = {Van Haren Publishing},
  subtitle  = {Level up your container orchestration skills with Kubernetes to build, run, secure, and observe large-scale distributed apps, 3rd Edition},
}

@Online{kubernetesDocs-2022,
  date     = {2022-10-24},
  title    = {The Kubernetes API},
  url      = {https://kubernetes.io/docs/concepts/overview/kubernetes-api/},
  language = {Nederlands},
}

@Online{Allclair-2018,
  author   = {T.A, Tim, Allclair and M.K., Maya, Kaczorowski},
  date     = {2018-05-11},
  title    = {Exploring container security: Isolation at different layers of the Kubernetes stack},
  url      = {https://cloud.google.com/blog/products/gcp/exploring-container-security-isolation-at-different-layers-of-the-kubernetes-stack},
  language = {Nederlands},
}

@Online{kubernetespods-2022,
  date     = {2022-10-02},
  title    = {Viewing Pods and Nodes},
  url      = {https://kubernetes.io/docs/tutorials/kubernetes-basics/explore/explore-intro/},
  language = {Nederlands},
}

@Book{Huss2019,
  author   = {R.H., Roland, Huß and B.I., Bilgin, Ibryam},
  date     = {2019-04-09},
  title    = {Kubernetes Patterns},
  language = {Nederlands},
  url      = {https://books.google.be/books?id=82mRDwAAQBAJ},
  urldate  = {2022-12-16},
}

@Online{kubernetesMinicube-2022,
  date     = {2022-10-02},
  title    = {Using Minikube to Create a Cluster},
  url      = {https://kubernetes.io/docs/tutorials/kubernetes-basics/create-cluster/cluster-intro/},
  language = {Nederlands},
}

@Comment{jabref-meta: databaseType:biblatex;}
